<?xml version="1.0" encoding="UTF-8"?><collection xmlns="http://www.loc.gov/MARC21/slim"><record><leader>00425nam--2200145-i-4500</leader><controlfield tag="001">000006682</controlfield><controlfield tag="002">20161230</controlfield><controlfield tag="005">20170305211415</controlfield><controlfield tag="008">060222s1000------------r-----000-0-eng-d</controlfield><datafield ind1=" " ind2=" " tag="100"><subfield code="a">Bunton, C. A</subfield></datafield><datafield ind1=" " ind2=" " tag="245"><subfield code="a">Nucleophilic substitution at a saturated carbon atom</subfield></datafield><datafield ind1=" " ind2=" " tag="260"><subfield code="a">Amsterdam</subfield><subfield code="b">Elsevier Publishing Co</subfield><subfield code="c">1963</subfield></datafield><datafield ind1=" " ind2=" " tag="300"><subfield code="a">IX + 172 p</subfield></datafield><datafield ind1=" " ind2=" " tag="490"><subfield code="a">Reaction Mechanisms In Organic Chemistry</subfield></datafield><datafield ind1=" " ind2=" " tag="CAT"><subfield code="a">SYS</subfield><subfield code="c">20170305</subfield><subfield code="h">211415</subfield></datafield></record></collection>